@article{porant16,
	doi = {10.1016/j.ijnonlinmec.2016.09.002},
	url = {https://doi.org/10.1016/j.ijnonlinmec.2016.09.002},
	year = {2016},
	month = nov,
	publisher = {Elsevier {BV}},
	volume = {86},
	pages = {174--184},
	author = {A.V. Porubov and I.D. Antonov and A.L. Fradkov and B.R. Andrievsky},
	title = {Control of localized non-linear strain waves in complex crystalline lattices},
	journal = {International Journal of Non-Linear Mechanics}
}


@article{porant17,
	doi = {10.1088/1742-6596/788/1/012029},
	url = {https://doi.org/10.1088/1742-6596/788/1/012029},
	year = {2017},
	month = jan,
	publisher = {{IOP} Publishing},
	volume = {788},
	pages = {012029},
	author = {A V Porubov and I D Antonov},
	title = {Control of coupled localized nonlinear wave solutions},
	journal = {Journal of Physics: Conference Series}
}

@incollection{PorOsAnt2020,
	doi = {10.1007/978-3-030-38708-2_18},
	url = {https://doi.org/10.1007/978-3-030-38708-2_18},
	year = {2020},
	publisher = {Springer International Publishing},
	pages = {309--334},
	author = {Alexey V. Porubov and Alena E. Osokina and Ilya D. Antonov},
	title = {Nonlinear Dynamics of Two-Dimensional Lattices with Complex Structure},
	booktitle = {Advanced Structured Materials}
}

@article{PorubovAntonov2021mrcMeta,
	doi = {10.1016/j.mechrescom.2021.103745},
	url = {https://doi.org/10.1016/j.mechrescom.2021.103745},
	year = {2021},
	month = sep,
	publisher = {Elsevier {BV}},
	volume = {116},
	pages = {103745},
	author = {A.V. Porubov and I.D. Antonov},
	title = {On control of harmonic waves in an acoustic metamaterial},
	journal = {Mechanics Research Communications}
}

@article{PorubovAntonov2020JoPStrain,
	doi = {10.1088/1742-6596/1686/1/012036},
	url = {https://doi.org/10.1088/1742-6596/1686/1/012036},
	year = {2020},
	month = dec,
	publisher = {{IOP} Publishing},
	volume = {1686},
	pages = {012036},
	author = {A.V. Porubov and I.D. Antonov and A.A. Sokolov and W.H. Muller},
	title = {Strain localization in two-dimensional lattices},
	journal = {Journal of Physics: Conference Series}
}

@article{PorubovAntonov2020PREhex,
	doi = {10.1103/physreve.102.022209},
	url = {https://doi.org/10.1103/physreve.102.022209},
	year = {2020},
	month = aug,
	publisher = {American Physical Society ({APS})},
	volume = {102},
	number = {2},
	author = {A. V. Porubov and A. M. Krivtsov and I. D. Antonov and W. H. Muller and A. A. Sokolov},
	title = {Geometrically nonlinear dynamic model for a hexagonal lattice},
	journal = {Physical Review E}
}

@article{PorubovAntonov2019WMBound,
	doi = {10.1016/j.wavemoti.2019.102400},
	url = {https://doi.org/10.1016/j.wavemoti.2019.102400},
	year = {2019},
	month = nov,
	publisher = {Elsevier {BV}},
	volume = {91},
	pages = {102400},
	author = {A.V. Porubov and I.D. Antonov and A.L. Fradkov},
	title = {Boundary control of nonlinear strain waves in di-atomic crystal layer},
	journal = {Wave Motion}
}

@article{Antonov2019P3D,
	doi = {10.1088/1742-6596/1236/1/012055},
	url = {https://doi.org/10.1088/1742-6596/1236/1/012055},
	year = {2019},
	month = jun,
	publisher = {{IOP} Publishing},
	volume = {1236},
	pages = {012055},
	author = {I D Antonov},
	title = {Pseudo-three-dimensional model for hydraulic fracturing with foams},
	journal = {Journal of Physics: Conference Series}
}

@article{PorubovAntonov2019foamInfluence,
	doi = {10.1088/1742-6596/1205/1/012048},
	url = {https://doi.org/10.1088/1742-6596/1205/1/012048},
	year = {2019},
	month = apr,
	publisher = {{IOP} Publishing},
	volume = {1205},
	pages = {012048},
	author = {A V Porubov and I D Antonov},
	title = {Influence of compressibility on the foam fracture modeling},
	journal = {Journal of Physics: Conference Series}
}

@article{AntonovFoamMPM,
	doi = {10.18720/MPM.4012018_5},
	url = {https://mpm.spbstu.ru/article/2018.65.5/},
	year = {2018},
	volume = {40.1},
	author = {I. D. Antonov and A. V. Porubov and N. M. Bessonov},
	title = {Two-dimensional model for hydraulic fracturing with foams},
	journal = {Material Physics and Mechanics}
}

@inproceedings{Antonov2020NumFoam,
	doi = {10.1063/5.0004658},
	url = {https://doi.org/10.1063/5.0004658},
	year = {2020},
	publisher = {{AIP} Publishing},
	author = {Ilya D. Antonov},
	title = {Numerical modeling of hydraulic fracturing with foams and energized fluids},
	booktitle = {28TH {RUSSIAN} {CONFERENCE} {ON} {MATHEMATICAL} {MODELLING} {IN} {NATURAL} {SCIENCES}}
}

@article{PorubovAntonov2017JoPFurther,
	doi = {10.1088/1742-6596/937/1/012043},
	url = {https://doi.org/10.1088/1742-6596/937/1/012043},
	year = {2017},
	month = dec,
	publisher = {{IOP} Publishing},
	volume = {937},
	pages = {012043},
	author = {A V Porubov and I D Antonov and A L Fradkov},
	title = {Further progress in control of localized nonlinear waves},
	journal = {Journal of Physics: Conference Series}
}

@article{PorubovAntonov2018mechSystem,
	doi = {10.1016/j.mechrescom.2017.07.014},
	url = {https://doi.org/10.1016/j.mechrescom.2017.07.014},
	year = {2018},
	month = oct,
	publisher = {Elsevier {BV}},
	volume = {93},
	pages = {124--127},
	author = {A.V. Porubov and I.D. Antonov and D.I. Indeitsev and A.L. Fradkov},
	title = {Mechanical system allowing distributive control with feedback},
	journal = {Mechanics Research Communications}
}
