@BOOK{bound_Born,
	author = {Born, M. and Huang, K.},
	title = {Dynamical Theory of Crystal Lattices},
	address = {Oxford},
	publisher = {Clarendon Press},
	year = {1954},
}

@book{bound_askar,
	doi = {10.1142/0192},
	url = {https://doi.org/10.1142/0192},
	year = {1986},
	month = jul,
	publisher = {{WORLD} {SCIENTIFIC}},
	author = {Attila Askar},
	title = {Lattice Dynamical Foundations of Continuum Theories}
}


@article{bound_kevr,
	doi = {10.1093/imamat/hxr015},
	url = {https://doi.org/10.1093/imamat/hxr015},
	year = {2011},
	month = apr,
	publisher = {Oxford University Press ({OUP})},
	volume = {76},
	number = {3},
	pages = {389--423},
	author = {P. G. Kevrekidis},
	title = {Non-linear waves in lattices: past,  present,  future},
	journal = {{IMA} Journal of Applied Mathematics}
}

@article{bound_andr,
	doi = {10.1155/2010/986242},
	url = {https://doi.org/10.1155/2010/986242},
	year = {2010},
	publisher = {Hindawi Limited},
	volume = {2010},
	pages = {1--35},
	author = {I. V. Andrianov and J. Awrejcewicz and D. Weichert},
	title = {Improved Continuous Models for Discrete Media},
	journal = {Mathematical Problems in Engineering}
}

@BOOK{bound_bril,
	author = {Brillouin, L. and Parodi, M.},
	title = {Wave Propagation in Periodic Structures},
	address = {New York},
	publisher = {Dover},
	year = {1953},
}

@article{bound_aero,
	doi = {10.1007/s10665-005-9012-3},
	url = {https://doi.org/10.1007/s10665-005-9012-3},
	year = {2005},
	month = dec,
	publisher = {Springer Science and Business Media {LLC}},
	volume = {55},
	number = {1-4},
	pages = {81--95},
	author = {E. L. Aero},
	title = {Micromechanics of a Double Continuum in a Model of a Medium with Variable Periodic Structure},
	journal = {Journal of Engineering Mathematics}
}

@article{bound_aerobul,
	doi = {10.3103/s0025654407050147},
	url = {https://doi.org/10.3103/s0025654407050147},
	year = {2007},
	month = oct,
	publisher = {Allerton Press},
	volume = {42},
	number = {5},
	pages = {807--822},
	author = {E. L. Aero and A. N. Bulygin},
	title = {Strongly nonlinear theory of nanostructure formation owing to elastic and nonelastic strains in crystalline solids},
	journal = {Mechanics of Solids}
}

@article{bound_yajima,
	doi = {10.1143/ptp.62.370},
	url = {https://doi.org/10.1143/ptp.62.370},
	year = {1979},
	month = aug,
	publisher = {Oxford University Press ({OUP})},
	volume = {62},
	number = {2},
	pages = {370--378},
	author = {N. Yajima and J. Satsuma},
	title = {Soliton Solutions in a Diatomic Lattice System},
	journal = {Progress of Theoretical Physics}
}

@article{bound_pnevm,
	doi = {10.1088/0022-3719/16/11/001},
	url = {https://doi.org/10.1088/0022-3719/16/11/001},
	year = {1983},
	month = apr,
	publisher = {{IOP} Publishing},
	volume = {16},
	number = {11},
	pages = {L305--L310},
	author = {St Pnevmatikos and M Remoissenet and N Flytzanis},
	title = {Propagation of acoustic and optical solitons in nonlinear diatomic chains},
	journal = {Journal of Physics C: Solid State Physics}
}

@article{Pnevmatikos1986,
	doi = {10.1103/physrevb.33.2308},
	url = {https://doi.org/10.1103/physrevb.33.2308},
	year = {1986},
	month = feb,
	publisher = {American Physical Society ({APS})},
	volume = {33},
	number = {4},
	pages = {2308--2321},
	author = {St. Pnevmatikos and N. Flytzanis and M. Remoissenet},
	title = {Soliton dynamics of nonlinear diatomic lattices},
	journal = {Physical Review B}
}

@article{bound_collins,
	doi = {10.1103/physreva.31.1754},
	url = {https://doi.org/10.1103/physreva.31.1754},
	year = {1985},
	month = mar,
	publisher = {American Physical Society ({APS})},
	volume = {31},
	number = {3},
	pages = {1754--1762},
	author = {Michael A. Collins},
	title = {Solitons in the diatomic chain},
	journal = {Physical Review A}
}

@article{Samsonov2001,
	doi = {10.1115/1.1383675},
	url = {https://doi.org/10.1115/1.1383675},
	year = {2001},
	month = jul,
	publisher = {{ASME} International},
	volume = {54},
	number = {4},
	pages = {B61--B63},
	author = {AM Samsonov,  and GA Maugin, },
	title = {Strain Solitons in Solids and How to Construct Them},
	journal = {Applied Mechanics Reviews}
}

@book{Erofeyev2003,
	doi = {10.1142/5157},
	url = {https://doi.org/10.1142/5157},
	year = {2003},
	month = aug,
	publisher = {{WORLD} {SCIENTIFIC}},
	author = {Vladimir I Erofeyev},
	title = {Wave Processes in Solids with Microstructure}
}

@article{bound_flytzanis,
	doi = {10.1103/physrevb.33.2308},
	url = {https://doi.org/10.1103/physrevb.33.2308},
	year = {1986},
	month = feb,
	publisher = {American Physical Society ({APS})},
	volume = {33},
	number = {4},
	pages = {2308--2321},
	author = {St. Pnevmatikos and N. Flytzanis and M. Remoissenet},
	title = {Soliton dynamics of nonlinear diatomic lattices},
	journal = {Physical Review B}
}

@inproceedings{bound_aeroplane,
	doi = {10.1109/dd.2017.8167986},
	url = {https://doi.org/10.1109/dd.2017.8167986},
	year = {2017},
	month = jun,
	publisher = {{IEEE}},
	author = {Eron L. Aero and Anatolii N. Bulygin and Yurii V. Pavlov},
	title = {The solutions of equations for nonlinear model of deformation of the crystal media allowing martensitic transformations},
	booktitle = {2017 Days on Diffraction ({DD})}
}

@article{bound_pam09,
	doi = {10.1103/physreve.79.046608},
	url = {https://doi.org/10.1103/physreve.79.046608},
	year = {2009},
	month = apr,
	publisher = {American Physical Society ({APS})},
	volume = {79},
	number = {4},
	author = {A. V. Porubov and E. L. Aero and G. A. Maugin},
	title = {Two approaches to study essentially nonlinear and dispersive properties of the internal structure of materials},
	journal = {Physical Review E}
}

@article{Porubov2011,
	doi = {10.1016/j.wavemoti.2011.04.012},
	url = {https://doi.org/10.1016/j.wavemoti.2011.04.012},
	year = {2011},
	month = dec,
	publisher = {Elsevier {BV}},
	volume = {48},
	number = {8},
	pages = {773--781},
	author = {A.V. Porubov and G.A. Maugin and B.R. Andrievsky},
	title = {Solitary wave interactions and reshaping in coupled systems},
	journal = {Wave Motion}
}

@article{bound_por14,
	doi = {10.1007/s00419-014-0859-5},
	url = {https://doi.org/10.1007/s00419-014-0859-5},
	year = {2014},
	month = jun,
	publisher = {Springer Science and Business Media {LLC}},
	volume = {84},
	number = {9-11},
	pages = {1533--1538},
	author = {Alexey Porubov},
	title = {Modeling of strongly nonlinear effects in diatomic lattices},
	journal = {Archive of Applied Mechanics}
}

@book{Porubov2003,
	doi = {10.1142/5238},
	url = {https://doi.org/10.1142/5238},
	year = {2003},
	month = jul,
	publisher = {{WORLD} {SCIENTIFIC}},
	author = {Alexey V Porubov},
	title = {Amplification of Nonlinear Strain Waves in Solids}
}

@article{Porubov2016,
	doi = {10.1016/j.wavemoti.2016.04.014},
	url = {https://doi.org/10.1016/j.wavemoti.2016.04.014},
	year = {2016},
	month = sep,
	publisher = {Elsevier {BV}},
	volume = {65},
	pages = {147--155},
	author = {A.V. Porubov and A.L. Fradkov and B.R. Andrievsky and R.S. Bondarenkov},
	title = {Feedback control of the sine{\textendash}Gordon antikink},
	journal = {Wave Motion}
}

@incollection{bound_porsp17,
	doi = {10.1007/978-3-319-73694-5_15},
	url = {https://doi.org/10.1007/978-3-319-73694-5_15},
	year = {2018},
	publisher = {Springer International Publishing},
	pages = {263--272},
	author = {A. V. Porubov},
	title = {Two-Dimensional Modeling of Diatomic Lattice},
	booktitle = {Advanced Structured Materials}
}

@book{bound_chern,
	doi = {10.1007/978-3-540-70784-4},
	url = {https://doi.org/10.1007/978-3-540-70784-4},
	year = {2008},
	publisher = {Springer Berlin Heidelberg},
	author = {Felix L. Chernousko and Igor M. Ananievski and Sergey A. Reshmin},
	title = {Control of Nonlinear Dynamical Systems}
}

@article{bound_horizont,
	doi = {10.1098/rsta.2016.0223},
	url = {https://doi.org/10.1098/rsta.2016.0223},
	year = {2017},
	month = mar,
	publisher = {The Royal Society},
	volume = {375},
	number = {2088},
	pages = {20160223},
	author = {Alexander L. Fradkov},
	title = {Horizons of cybernetical physics},
	journal = {Philosophical Transactions of the Royal Society A: Mathematical,  Physical and Engineering Sciences}
}

@book{bound_fradkov,
	author = {Alexander L. Fradkov},
	doi = {10.1007/978-3-540-46277-4},
	url = {https://doi.org/10.1007/978-3-540-46277-4},
	year = {2007},
	publisher = {Springer Berlin Heidelberg},
	title = {Cybernetical Physics: From Control of Chaos to Quantum Control}
}

@article{bound_porandr17,
	doi = {10.1098/rsta.2016.0212},
	url = {https://doi.org/10.1098/rsta.2016.0212},
	year = {2017},
	month = mar,
	publisher = {The Royal Society},
	volume = {375},
	number = {2088},
	pages = {20160212},
	author = {Alexey Porubov and Boris Andrievsky},
	title = {Control methods for localization of nonlinear waves},
	journal = {Philosophical Transactions of the Royal Society A: Mathematical,  Physical and Engineering Sciences}
}

@article{bound_Kerr,
	doi = {10.1115/1.3629667},
	url = {https://doi.org/10.1115/1.3629667},
	year = {1964},
	month = sep,
	publisher = {{ASME} International},
	volume = {31},
	number = {3},
	pages = {491--498},
	author = {Arnold D. Kerr},
	title = {Elastic and Viscoelastic Foundation Models},
	journal = {Journal of Applied Mechanics}
}


@article{bound_Hahner,
	doi = {10.1063/1.882435},
	url = {https://doi.org/10.1063/1.882435},
	year = {1998},
	month = sep,
	publisher = {{AIP} Publishing},
	volume = {51},
	number = {9},
	pages = {22--27},
	author = {Georg H\"{a}hner and Nicholas Spencer},
	title = {Rubbing and Scrubbing},
	journal = {Physics Today}
}

@article{bound_porpas,
	doi = {10.1016/j.ijnonlinmec.2003.09.002},
	url = {https://doi.org/10.1016/j.ijnonlinmec.2003.09.002},
	year = {2004},
	month = oct,
	publisher = {Elsevier {BV}},
	volume = {39},
	number = {8},
	pages = {1289--1299},
	author = {A.V. Porubov and F. Pastrone},
	title = {Non-linear bell-shaped and kink-shaped strain waves in microstructured solids},
	journal = {International Journal of Non-Linear Mechanics}
}

@article{Cummer,
	doi = {10.1038/natrevmats.2016.1},
	url = {https://doi.org/10.1038/natrevmats.2016.1},
	year = {2016},
	month = feb,
	publisher = {Springer Science and Business Media {LLC}},
	volume = {1},
	number = {3},
	author = {Steven A. Cummer and Johan Christensen and Andrea Al{\`{u}}},
	title = {Controlling sound with acoustic metamaterials},
	journal = {Nature Reviews Materials}
}

@incollection{Cvet,
	doi = {10.1007/978-3-319-69823-6_3},
	url = {https://doi.org/10.1007/978-3-319-69823-6_3},
	year = {2017},
	month = dec,
	publisher = {Springer International Publishing},
	pages = {21--32},
	author = {Livija Cveticanin and D. Cveticanin},
	title = {Acoustic Metamaterials: Theory and Application},
	booktitle = {Springer Proceedings in Physics}
}

@article{Huang2010,
	doi = {10.1115/1.4000784},
	url = {https://doi.org/10.1115/1.4000784},
	year = {2010},
	month = apr,
	publisher = {{ASME} International},
	volume = {132},
	number = {3},
	author = {G. L. Huang and C. T. Sun},
	title = {Band Gaps in a Multiresonator Acoustic Metamaterial},
	journal = {Journal of Vibration and Acoustics}
}

@article{Ma,
	doi = {10.1126/sciadv.1501595},
	url = {https://doi.org/10.1126/sciadv.1501595},
	year = {2016},
	month = feb,
	publisher = {American Association for the Advancement of Science ({AAAS})},
	volume = {2},
	number = {2},
	pages = {e1501595},
	author = {Guancong Ma and Ping Sheng},
	title = {Acoustic metamaterials: From local resonances to broad horizons},
	journal = {Science Advances}
}

@article{muller,
	doi = {10.1007/s00161-019-00837-4},
	url = {https://doi.org/10.1007/s00161-019-00837-4},
	year = {2019},
	month = oct,
	publisher = {Springer Science and Business Media {LLC}},
	volume = {32},
	number = {5},
	pages = {1251--1270},
	author = {Hua Yang and Bilen Emek Abali and Dmitry Timofeev and Wolfgang H. Muller},
	title = {Determination of metamaterial parameters by means of a homogenization approach based on asymptotic analysis},
	journal = {Continuum Mechanics and Thermodynamics}
}

@article{delis1,
	doi = {10.1177/1081286503008001658},
	url = {https://doi.org/10.1177/1081286503008001658},
	year = {2003},
	month = feb,
	publisher = {{SAGE} Publications},
	volume = {8},
	number = {1},
	pages = {51--73},
	author = {Jean-Jacques Alibert and Pierre Seppecher and Francesco Dell'Isola},
	title = {Truss Modular Beams with Deformation Energy Depending on Higher Displacement Gradients},
	journal = {Mathematics and Mechanics of Solids}
}

@article{Eremeyev2020,
	doi = {10.1016/j.mechrescom.2019.103458},
	url = {https://doi.org/10.1016/j.mechrescom.2019.103458},
	year = {2020},
	month = jan,
	publisher = {Elsevier {BV}},
	volume = {103},
	pages = {103458},
	author = {Victor A. Eremeyev and Emilio Turco},
	title = {Enriched buckling for beam-lattice metamaterials},
	journal = {Mechanics Research Communications}
}

@article{Porubov2019,
	doi = {10.1016/j.mechrescom.2019.103464},
	url = {https://doi.org/10.1016/j.mechrescom.2019.103464},
	year = {2020},
	month = jan,
	publisher = {Elsevier {BV}},
	volume = {103},
	pages = {103464},
	author = {A.V. Porubov and E.F. Grekova},
	title = {On nonlinear modeling of an acoustic metamaterial},
	journal = {Mechanics Research Communications}
}

@article{Erofeev2020,
	doi = {10.1088/1757-899x/709/3/033037},
	url = {https://doi.org/10.1088/1757-899x/709/3/033037},
	year = {2020},
	month = jan,
	publisher = {{IOP} Publishing},
	volume = {709},
	pages = {033037},
	author = {Vladimir Erofeev and Daniil Kolesov and Alexey Malkhanov},
	title = {Nonlinear strain waves in a metamaterial defined a mass-to-mass chain},
	journal = {{IOP} Conference Series: Materials Science and Engineering}
}

@article{Yang,
	doi = {10.1063/1.4986094},
	url = {https://doi.org/10.1063/1.4986094},
	year = {2017},
	month = sep,
	publisher = {{AIP} Publishing},
	volume = {7},
	number = {9},
	pages = {095323},
	author = {Tianzhi Yang and Zhi-Guang Song and Eoin Clerkin and Ye-Wei Zhang and Jia-He Sun and Yi-Shu Su and Li-Qun Chen and Peter Hagedorn},
	title = {A programmable nonlinear acoustic metamaterial},
	journal = {{AIP} Advances}
}

@article{Yao2008,
	doi = {10.1088/1367-2630/10/4/043020},
	url = {https://doi.org/10.1088/1367-2630/10/4/043020},
	year = {2008},
	month = apr,
	publisher = {{IOP} Publishing},
	volume = {10},
	number = {4},
	pages = {043020},
	author = {Shanshan Yao and Xiaoming Zhou and Gengkai Hu},
	title = {Experimental study on negative effective mass in a 1D mass{\textendash}spring system},
	journal = {New Journal of Physics}
}

@article{Zhou2015,
	doi = {10.1016/j.taml.2015.08.003},
	url = {https://doi.org/10.1016/j.taml.2015.08.003},
	year = {2015},
	month = aug,
	publisher = {Elsevier {BV}},
	volume = {5},
	number = {5},
	pages = {196--199},
	author = {Jiao Zhou and Yong Cheng and Hongkuan Zhang and Guoliang Huang and Gengkai Hu},
	title = {Experimental study on interaction between a positive mass and a negative effective mass through a mass{\textendash}spring system},
	journal = {Theoretical and Applied Mechanics Letters}
}

@article{Chen2014,
	doi = {10.1063/1.4893921},
	url = {https://doi.org/10.1063/1.4893921},
	year = {2014},
	month = aug,
	publisher = {{AIP} Publishing},
	volume = {105},
	number = {7},
	pages = {071913},
	author = {Xing Chen and Xianchen Xu and Shigang Ai and HaoSen Chen and Yongmao Pei and Xiaoming Zhou},
	title = {Active acoustic metamaterials with tunable effective mass density by gradient magnetic fields},
	journal = {Applied Physics Letters}
}

@article{Xiao2015,
	doi = {10.1063/1.4913999},
	url = {https://doi.org/10.1063/1.4913999},
	year = {2015},
	month = mar,
	publisher = {{AIP} Publishing},
	volume = {106},
	number = {9},
	pages = {091904},
	author = {Songwen Xiao and Guancong Ma and Yong Li and Zhiyu Yang and Ping Sheng},
	title = {Active control of membrane-type acoustic metamaterial by electric field},
	journal = {Applied Physics Letters}
}

@inproceedings{Pope2012,
	title={Active elastic metamaterials with applications in vibration and acoustics},
	author={S. Pope and H. Laalej and S. Daley and M. Reynolds},
	year={2012}
}

@article{Pope2014,
	doi = {10.3182/20140313-3-in-3024.00169},
	url = {https://doi.org/10.3182/20140313-3-in-3024.00169},
	year = {2014},
	publisher = {Elsevier {BV}},
	volume = {47},
	number = {1},
	pages = {959--965},
	author = {Simon A. Pope and Hatim Laalej and Visakan Kadirkamanathan},
	title = {An Experimental Analysis of an Active Elastic Metamaterial},
	journal = {{IFAC} Proceedings Volumes}
}